<?xml version="1.0" encoding="UTF-8"?>
<record xmlns="http://www.loc.gov/MARC21/slim">
   <leader>04166cam a2200901 a 4500</leader>
   <controlfield tag="001">7065194</controlfield>
   <controlfield tag="003">OCoLC</controlfield>
   <controlfield tag="005">20150709010102.0</controlfield>
   <controlfield tag="008">020508s2000    abca         s000 0 eng d</controlfield>
   <datafield tag="016" ind1=" " ind2=" ">
      <subfield code="a">20028019733</subfield>
   </datafield>
   <datafield tag="020" ind1=" " ind2=" ">
      <subfield code="a">0774114630</subfield>
      <subfield code="q">(v. 1)</subfield>
   </datafield>
   <datafield tag="020" ind1=" " ind2=" ">
      <subfield code="a">9780774114639</subfield>
      <subfield code="q">(v. 1)</subfield>
   </datafield>
   <datafield tag="020" ind1=" " ind2=" ">
      <subfield code="a">0774114614</subfield>
      <subfield code="q">(v. 2)</subfield>
   </datafield>
   <datafield tag="020" ind1=" " ind2=" ">
      <subfield code="a">9780774114615</subfield>
      <subfield code="q">(v. 2)</subfield>
   </datafield>
   <datafield tag="020" ind1=" " ind2=" ">
      <subfield code="a">0774114533</subfield>
      <subfield code="q">(v. 3)</subfield>
   </datafield>
   <datafield tag="020" ind1=" " ind2=" ">
      <subfield code="a">9780774114530</subfield>
      <subfield code="q">(v. 3)</subfield>
   </datafield>
   <datafield tag="020" ind1=" " ind2=" ">
      <subfield code="a">0774114738</subfield>
      <subfield code="q">(v. 4)</subfield>
   </datafield>
   <datafield tag="020" ind1=" " ind2=" ">
      <subfield code="a">9780774114738</subfield>
      <subfield code="q">(v. 4)</subfield>
   </datafield>
   <datafield tag="020" ind1=" " ind2=" ">
      <subfield code="a">0774114894</subfield>
      <subfield code="q">(v. 5)</subfield>
   </datafield>
   <datafield tag="020" ind1=" " ind2=" ">
      <subfield code="a">9780774114899</subfield>
      <subfield code="q">(v. 5)</subfield>
   </datafield>
   <datafield tag="020" ind1=" " ind2=" ">
      <subfield code="a">0774114940</subfield>
      <subfield code="q">(v. 6)</subfield>
   </datafield>
   <datafield tag="020" ind1=" " ind2=" ">
      <subfield code="a">9780774114943</subfield>
      <subfield code="q">(v. 6)</subfield>
   </datafield>
   <datafield tag="020" ind1=" " ind2=" ">
      <subfield code="a">0774107715</subfield>
      <subfield code="q">(v. 7)</subfield>
   </datafield>
   <datafield tag="020" ind1=" " ind2=" ">
      <subfield code="a">9780774107716</subfield>
      <subfield code="q">(v. 7)</subfield>
   </datafield>
   <datafield tag="020" ind1=" " ind2=" ">
      <subfield code="a">0774119608</subfield>
      <subfield code="q">(v. 8)</subfield>
   </datafield>
   <datafield tag="020" ind1=" " ind2=" ">
      <subfield code="a">9780774119603</subfield>
      <subfield code="q">(v. 8)</subfield>
   </datafield>
   <datafield tag="035" ind1=" " ind2=" ">
      <subfield code="a">ocm50713811</subfield>
   </datafield>
   <datafield tag="039" ind1=" " ind2=" ">
      <subfield code="a">(OCoLC)50713811</subfield>
      <subfield code="f">OCLC</subfield>
   </datafield>
   <datafield tag="040" ind1=" " ind2=" ">
      <subfield code="a">NLC</subfield>
      <subfield code="b">eng</subfield>
      <subfield code="c">NLC</subfield>
      <subfield code="d">OCLCQ</subfield>
      <subfield code="d">OCLCO</subfield>
      <subfield code="d">LTSCA</subfield>
      <subfield code="d">AEU</subfield>
   </datafield>
   <datafield tag="041" ind1="0" ind2=" ">
      <subfield code="a">eng</subfield>
      <subfield code="b">fre</subfield>
   </datafield>
   <datafield tag="050" ind1=" " ind2="4">
      <subfield code="a">PC2112</subfield>
      <subfield code="b">.F742 2000</subfield>
   </datafield>
   <datafield tag="055" ind1="0" ind2="4">
      <subfield code="a">COP.AL.2.2002-65</subfield>
   </datafield>
   <datafield tag="082" ind1="0" ind2="4">
      <subfield code="a">448.2/421</subfield>
      <subfield code="2">21</subfield>
   </datafield>
   <datafield tag="090" ind1=" " ind2=" ">
      <subfield code="a">PC 2112 F742 2000</subfield>
      <subfield code="b">AEU</subfield>
   </datafield>
   <datafield tag="240" ind1="0" ind2="0">
      <subfield code="a">French 13.</subfield>
   </datafield>
   <datafield tag="245" ind1="0" ind2="0">
      <subfield code="a">French 13 2000</subfield>
   </datafield>
   <datafield tag="260" ind1=" " ind2=" ">
      <subfield code="a">[Edmonton] :</subfield>
      <subfield code="b">Alberta Learning,</subfield>
      <subfield code="c">[2000]</subfield>
   </datafield>
   <datafield tag="300" ind1=" " ind2=" ">
      <subfield code="a">8 volumes :</subfield>
      <subfield code="b">illustrations ;</subfield>
      <subfield code="c">28 cm +</subfield>
      <subfield code="e">14 booklets</subfield>
   </datafield>
   <datafield tag="336" ind1=" " ind2=" ">
      <subfield code="a">text</subfield>
      <subfield code="b">txt</subfield>
      <subfield code="2">rdacontent</subfield>
   </datafield>
   <datafield tag="337" ind1=" " ind2=" ">
      <subfield code="a">unmediated</subfield>
      <subfield code="b">n</subfield>
      <subfield code="2">rdamedia</subfield>
   </datafield>
   <datafield tag="338" ind1=" " ind2=" ">
      <subfield code="a">volume</subfield>
      <subfield code="b">nc</subfield>
      <subfield code="2">rdacarrier</subfield>
   </datafield>
   <datafield tag="500" ind1=" " ind2=" ">
      <subfield code="a">Includes some text in French.</subfield>
   </datafield>
   <datafield tag="505" ind1="0" ind2=" ">
      <subfield code="a">Module 1. L'école (school) -- Module 2. Les temps des célébrations (time for celebrations) -- Module 3. Les personnes autour de nous (people around us) -- Module 4. La communauté (the community) -- Module 5. Les vêtements (clothing) -- Module 6. L'alimentation (food) -- Module 7. La météo (the weather) -- Teacher's guide.</subfield>
   </datafield>
   <datafield tag="550" ind1=" " ind2=" ">
      <subfield code="a">Issued by: Learning Technologies Branch.</subfield>
   </datafield>
   <datafield tag="590" ind1=" " ind2=" ">
      <subfield code="a">Approved for use in Alberta schools.</subfield>
      <subfield code="5">CaAEU</subfield>
   </datafield>
   <datafield tag="596" ind1=" " ind2=" ">
      <subfield code="a">38</subfield>
   </datafield>
   <datafield tag="650" ind1=" " ind2="0">
      <subfield code="a">French language</subfield>
      <subfield code="z">Alberta</subfield>
      <subfield code="v">Programmed instruction.</subfield>
   </datafield>
   <datafield tag="710" ind1="1" ind2=" ">
      <subfield code="a">Alberta.</subfield>
      <subfield code="b">Alberta Learning.</subfield>
   </datafield>
   <datafield tag="710" ind1="1" ind2=" ">
      <subfield code="a">Alberta.</subfield>
      <subfield code="b">Learning Technologies Branch.</subfield>
   </datafield>
   <datafield tag="949" ind1=" " ind2=" ">
      <subfield code="a">PC 2112 F742 2000</subfield>
      <subfield code="v">bklt.6B</subfield>
      <subfield code="h">UABA-B</subfield>
      <subfield code="i">0162034153732</subfield>
      <subfield code="z">OCLC_COPY</subfield>
   </datafield>
   <datafield tag="949" ind1=" " ind2=" ">
      <subfield code="a">PC 2112 F742 2000</subfield>
      <subfield code="v">bklt.5B</subfield>
      <subfield code="h">UABA-B</subfield>
      <subfield code="i">0162034152429</subfield>
      <subfield code="z">OCLC_COPY</subfield>
   </datafield>
   <datafield tag="949" ind1=" " ind2=" ">
      <subfield code="a">PC 2112 F742 2000</subfield>
      <subfield code="v">bklt.3B</subfield>
      <subfield code="h">UABA-B</subfield>
      <subfield code="i">0162034152601</subfield>
      <subfield code="z">OCLC_COPY</subfield>
   </datafield>
   <datafield tag="949" ind1=" " ind2=" ">
      <subfield code="a">PC 2112 F742 2000</subfield>
      <subfield code="v">bklt.2A</subfield>
      <subfield code="h">UABA-B</subfield>
      <subfield code="i">0162034152726</subfield>
      <subfield code="z">OCLC_COPY</subfield>
   </datafield>
   <datafield tag="949" ind1=" " ind2=" ">
      <subfield code="a">PC 2112 F742 2000</subfield>
      <subfield code="v">bklt.1B</subfield>
      <subfield code="h">UABA-B</subfield>
      <subfield code="i">0162034152908</subfield>
      <subfield code="z">OCLC_COPY</subfield>
   </datafield>
   <datafield tag="949" ind1=" " ind2=" ">
      <subfield code="a">PC 2112 F742 2000</subfield>
      <subfield code="v">mod.1</subfield>
      <subfield code="h">UABA-B</subfield>
      <subfield code="i">0162034153617</subfield>
      <subfield code="z">OCLC_COPY</subfield>
   </datafield>
   <datafield tag="949" ind1=" " ind2=" ">
      <subfield code="a">PC 2112 F742 2000</subfield>
      <subfield code="v">mod.2</subfield>
      <subfield code="h">UABA-B</subfield>
      <subfield code="i">0162034153559</subfield>
      <subfield code="z">OCLC_COPY</subfield>
   </datafield>
   <datafield tag="949" ind1=" " ind2=" ">
      <subfield code="a">PC 2112 F742 2000</subfield>
      <subfield code="v">mod.4</subfield>
      <subfield code="h">UABA-B</subfield>
      <subfield code="i">0162034153435</subfield>
      <subfield code="z">OCLC_COPY</subfield>
   </datafield>
   <datafield tag="949" ind1=" " ind2=" ">
      <subfield code="a">PC 2112 F742 2000</subfield>
      <subfield code="v">mod.5</subfield>
      <subfield code="h">UABA-B</subfield>
      <subfield code="i">0162034153377</subfield>
      <subfield code="z">OCLC_COPY</subfield>
   </datafield>
   <datafield tag="949" ind1=" " ind2=" ">
      <subfield code="a">PC 2112 F742 2000</subfield>
      <subfield code="v">mod.6</subfield>
      <subfield code="h">UABA-B</subfield>
      <subfield code="i">0162034153310</subfield>
      <subfield code="z">OCLC_COPY</subfield>
   </datafield>
   <datafield tag="949" ind1=" " ind2=" ">
      <subfield code="a">PC 2112 F742 2000</subfield>
      <subfield code="v">mod.7</subfield>
      <subfield code="h">UABA-B</subfield>
      <subfield code="i">0162034153252</subfield>
      <subfield code="z">OCLC_COPY</subfield>
   </datafield>
   <datafield tag="949" ind1=" " ind2=" ">
      <subfield code="a">PC 2112 F742 2000</subfield>
      <subfield code="v">tch.gd.</subfield>
      <subfield code="h">UABA-B</subfield>
      <subfield code="i">0162034153195</subfield>
      <subfield code="z">OCLC_COPY</subfield>
   </datafield>
   <datafield tag="949" ind1=" " ind2=" ">
      <subfield code="a">PC 2112 F742 2000</subfield>
      <subfield code="v">bklt.4A</subfield>
      <subfield code="h">UABA-B</subfield>
      <subfield code="i">0162034152486</subfield>
      <subfield code="z">OCLC_COPY</subfield>
   </datafield>
   <datafield tag="949" ind1=" " ind2=" ">
      <subfield code="a">PC 2112 F742 2000</subfield>
      <subfield code="v">mod.3</subfield>
      <subfield code="h">UABA-B</subfield>
      <subfield code="i">0162034153492</subfield>
      <subfield code="z">OCLC_COPY</subfield>
   </datafield>
   <datafield tag="949" ind1=" " ind2=" ">
      <subfield code="a">PC 2112 F742 2000</subfield>
      <subfield code="v">bklt.7B</subfield>
      <subfield code="h">UABA-B</subfield>
      <subfield code="i">0162034153674</subfield>
      <subfield code="z">OCLC_COPY</subfield>
   </datafield>
   <datafield tag="926" ind1=" " ind2=" ">
      <subfield code="a">UABARD</subfield>
      <subfield code="b">ON_SHELF</subfield>
      <subfield code="c">PC 2112 F742 2000 bklt.1B</subfield>
      <subfield code="d">BOOK</subfield>
      <subfield code="f">1</subfield>
   </datafield>
   <datafield tag="926" ind1=" " ind2=" ">
      <subfield code="a">UABARD</subfield>
      <subfield code="b">ON_SHELF</subfield>
      <subfield code="c">PC 2112 F742 2000 bklt.2A</subfield>
      <subfield code="d">BOOK</subfield>
      <subfield code="f">1</subfield>
   </datafield>
   <datafield tag="926" ind1=" " ind2=" ">
      <subfield code="a">UABARD</subfield>
      <subfield code="b">ON_SHELF</subfield>
      <subfield code="c">PC 2112 F742 2000 bklt.3B</subfield>
      <subfield code="d">BOOK</subfield>
      <subfield code="f">1</subfield>
   </datafield>
   <datafield tag="926" ind1=" " ind2=" ">
      <subfield code="a">UABARD</subfield>
      <subfield code="b">ON_SHELF</subfield>
      <subfield code="c">PC 2112 F742 2000 bklt.4A</subfield>
      <subfield code="d">BOOK</subfield>
      <subfield code="f">1</subfield>
   </datafield>
   <datafield tag="926" ind1=" " ind2=" ">
      <subfield code="a">UABARD</subfield>
      <subfield code="b">ON_SHELF</subfield>
      <subfield code="c">PC 2112 F742 2000 bklt.5B</subfield>
      <subfield code="d">BOOK</subfield>
      <subfield code="f">1</subfield>
   </datafield>
   <datafield tag="926" ind1=" " ind2=" ">
      <subfield code="a">UABARD</subfield>
      <subfield code="b">ON_SHELF</subfield>
      <subfield code="c">PC 2112 F742 2000 bklt.6B</subfield>
      <subfield code="d">BOOK</subfield>
      <subfield code="f">1</subfield>
   </datafield>
   <datafield tag="926" ind1=" " ind2=" ">
      <subfield code="a">UABARD</subfield>
      <subfield code="b">ON_SHELF</subfield>
      <subfield code="c">PC 2112 F742 2000 bklt.7B</subfield>
      <subfield code="d">BOOK</subfield>
      <subfield code="f">1</subfield>
   </datafield>
   <datafield tag="926" ind1=" " ind2=" ">
      <subfield code="a">UABARD</subfield>
      <subfield code="b">ON_SHELF</subfield>
      <subfield code="c">PC 2112 F742 2000 mod.1</subfield>
      <subfield code="d">BOOK</subfield>
      <subfield code="f">1</subfield>
   </datafield>
   <datafield tag="926" ind1=" " ind2=" ">
      <subfield code="a">UABARD</subfield>
      <subfield code="b">ON_SHELF</subfield>
      <subfield code="c">PC 2112 F742 2000 mod.2</subfield>
      <subfield code="d">BOOK</subfield>
      <subfield code="f">1</subfield>
   </datafield>
   <datafield tag="926" ind1=" " ind2=" ">
      <subfield code="a">UABARD</subfield>
      <subfield code="b">ON_SHELF</subfield>
      <subfield code="c">PC 2112 F742 2000 mod.3</subfield>
      <subfield code="d">BOOK</subfield>
      <subfield code="f">1</subfield>
   </datafield>
   <datafield tag="926" ind1=" " ind2=" ">
      <subfield code="a">UABARD</subfield>
      <subfield code="b">ON_SHELF</subfield>
      <subfield code="c">PC 2112 F742 2000 mod.4</subfield>
      <subfield code="d">BOOK</subfield>
      <subfield code="f">1</subfield>
   </datafield>
   <datafield tag="926" ind1=" " ind2=" ">
      <subfield code="a">UABARD</subfield>
      <subfield code="b">ON_SHELF</subfield>
      <subfield code="c">PC 2112 F742 2000 mod.5</subfield>
      <subfield code="d">BOOK</subfield>
      <subfield code="f">1</subfield>
   </datafield>
   <datafield tag="926" ind1=" " ind2=" ">
      <subfield code="a">UABARD</subfield>
      <subfield code="b">ON_SHELF</subfield>
      <subfield code="c">PC 2112 F742 2000 mod.6</subfield>
      <subfield code="d">BOOK</subfield>
      <subfield code="f">1</subfield>
   </datafield>
   <datafield tag="926" ind1=" " ind2=" ">
      <subfield code="a">UABARD</subfield>
      <subfield code="b">ON_SHELF</subfield>
      <subfield code="c">PC 2112 F742 2000 mod.7</subfield>
      <subfield code="d">BOOK</subfield>
      <subfield code="f">1</subfield>
   </datafield>
   <datafield tag="926" ind1=" " ind2=" ">
      <subfield code="a">UABARD</subfield>
      <subfield code="b">ON_SHELF</subfield>
      <subfield code="c">PC 2112 F742 2000 tch.gd.</subfield>
      <subfield code="d">BOOK</subfield>
      <subfield code="f">1</subfield>
   </datafield>
</record>
